@article{zobel2006inverted,
	title={Inverted files for text search engines},
	author={Zobel, Justin and Moffat, Alistair},
	journal={ACM Comp. Surv.},
	volume={38},
	number={2},
	pages={6},
	year={2006},
	publisher={ACM}
}
@book{manning2008introduction,
	title={Introduction to information retrieval},
	author={Manning, Christopher D and Raghavan, Prabhakar and Sch{\"u}tze, Hinrich and others},
	year={2008},
	publisher={Cambridge university press}
}
@book{witten1999managing,
	title={Managing gigabytes: compressing and indexing documents and images},
	author={Witten, Ian H and Moffat, Alistair and Bell, Timothy C},
	year={1999},
	publisher={Morgan Kaufmann}
}
@article{lemire2015decoding,
	title={Decoding billions of integers per second through vectorization},
	author={Lemire, Daniel and Boytsov, Leonid},
	journal={Soft. Prac. \& Exp},
	volume={45},
	number={1},
	pages={1--29},
	year={2015},
	publisher={Wiley Online Library}
	
}
@inproceedings{catena2014inverted,
	title = {On inverted index compression for search engine efficiency},
	author={Catena, Matteo and Macdonald, Craig and Ounis, Iadh},
	booktitle={Proc. ECIR},
	pages={359--371},
	year={2014}
}

@inproceedings{stepanov2011simd,
	title={SIMD-based decoding of posting lists},
	author={Stepanov, Alexander A and Gangolli, Anil R and Rose, Daniel E and Ernst, Ryan J and Oberoi, Paramjit S},
	booktitle={Proc. CIKM},
	pages={317--326},
	year={2011}
}
@inproceedings{trotman2014compression,
	title={Compression, SIMD, and Postings Lists},
	author={Trotman, Andrew},
	booktitle={Proc. ADCS},
	pages={50},
	year={2014}
}

@inproceedings{ottaviano2015optimal,
	title={Optimal Space-time Tradeoffs for Inverted Indexes},
	author={Ottaviano, Giuseppe and Tonellotto, Nicola and Venturini, Rossano},
	booktitle={Proc. WSDM},
	pages={47--56},
	year={2015}
}
@inproceedings{ottaviano2014partitioned,
	title={Partitioned Elias-Fano indexes},
	author={Ottaviano, Giuseppe and Venturini, Rossano},
	booktitle={Proc. SIGIR},
	pages={273--282},
	year={2014}
}
@inproceedings{silvestri2010vsencoding,
	title={VSEncoding: efficient coding and fast decoding of integer lists via dynamic programming},
	author={Silvestri, Fabrizio and Venturini, Rossano},
	booktitle={Proc. CIKM},
	pages={1219--1228},
	year={2010}
}
@inproceedings{yan2009inverted,
	title={Inverted index compression and query processing with optimized document ordering},
	author={Yan, Hao and Ding, Shuai and Suel, Torsten},
	booktitle={Proc. WWW},
	pages={401--410},
	year={2009}
}
@article{anh2005inverted,
	title={Inverted index compression using word-aligned binary codes},
	author={Anh, Vo Ngoc and Moffat, Alistair},
	journal={Inform. Retrieval},
	volume={8},
	number={1},
	pages={151--166},
	year={2005},
	publisher={Springer}
}
@article{anh2010index,
	title={Index compression using 64-bit words},
	author={Anh, Vo Ngoc and Moffat, Alistair},
	journal={Soft. Prac. \& Exp.},
	volume={40},
	number={2},
	pages={131--147},
	year={2010},
	publisher={Wiley Online Library}
}
@inproceedings{zukowski2006super,
	title={Super-scalar RAM-CPU cache compression},
	author={Zukowski, Marcin and Heman, Sandor and Nes, Niels and Boncz, Peter},
	booktitle={Data Engineering, 2006. ICDE'06. Proceedings of the 22nd International Conference on},
	pages={59--59},
	year={2006},
	organization={IEEE}
}
@inproceedings{anh2004index,
	title={Index compression using fixed binary codewords},
	author={Anh, Vo Ngoc and Moffat, Alistair},
	booktitle={Proc. ADC},
	pages={61--67},
	year={2004}
}
@techreport{delbru2010adaptive,
	title={Adaptive frame of reference for compressing inverted lists},
	author={Delbru, Renaud and Campinas, Stephane and Samp, Krystian and Tummarello, Giovanni},
	year={2010},
	institution={Technical report, DERI--Digital Enterprise Research Institute (December 2010)}
}
@article{ferragina2011optimally,
	title={On optimally partitioning a text to improve its compression},
	author={Ferragina, Paolo and Nitto, Igor and Venturini, Rossano},
	journal={Algorithmica},
	volume={61},
	number={1},
	pages={51--74},
	year={2011},
	publisher={Springer}
}
@inproceedings{ding2011faster,
	title={Faster top-k document retrieval using block-max indexes},
	author={Ding, Shuai and Suel, Torsten},
	booktitle={Proceedings of the 34th international ACM SIGIR conference on Research and development in Information Retrieval},
	pages={993--1002},
	year={2011},
	organization={ACM}
}
@inproceedings{navarro2010dual,
	title={Dual-sorted inverted lists},
	author={Navarro, Gonzalo and Puglisi, Simon J},
	booktitle={Proc. SPIRE},
	pages={309--321},
	year={2010}
}
@inproceedings{dimopoulos2013optimizing,
	title={Optimizing top-k document retrieval strategies for block-max indexes},
	author={Dimopoulos, Constantinos and Nepomnyachiy, Sergey and Suel, Torsten},
	booktitle={Proceedings of the sixth ACM international conference on Web search and data mining},
	pages={113--122},
	year={2013},
	organization={ACM}
}
@article{moffat2000binary,
	title={Binary interpolative coding for effective index compression},
	author={Moffat, Alistair and Stuiver, Lang},
	journal={Information Retrieval},
	volume={3},
	number={1},
	pages={25--47},
	year={2000},
	publisher={Springer}
}
@inproceedings{goldstein1998compressing,
	title={Compressing relations and indexes},
	author={Goldstein, Jonathan and Ramakrishnan, Raghu and Shaft, Uri},
	booktitle={Data Engineering, 1998. Proceedings., 14th International Conference on},
	pages={370--379},
	year={1998},
	organization={IEEE}
}
@inproceedings{vigna2013quasi,
	title={Quasi-succinct indices},
	author={Vigna, Sebastiano},
	booktitle={Proc. WSDM},
	pages={83--92},
	year={2013}
}
@article{lemire2015simd,
	title={SIMD compression and the intersection of sorted integers},
	author={Lemire, Daniel and Boytsov, Leonid and Kurz, Nathan},
	journal={Software: Practice and Experience},
	year={2015},
	publisher={Wiley Online Library}
}
@misc{cormen2009introduction,
	title={Introduction to Algorithms. third},
	author={Cormen, Thomas H and Leiserson, Charles E and Rivest, Ronald L and Stein, Clifford},
	year={2009},
	publisher={The MIT Press}
}
@inproceedings{petri2014score,
	title={Score-safe term-dependency processing with hybrid indexes},
	author={Petri, Matthias and Moffat, Alistair and Culpepper, J Shane},
	booktitle={Proc. SIGIR},
	pages={899--902},
	year={2014}
}
@article{delbru2012searching,
	title={Searching web data: An entity retrieval and high-performance indexing model},
	author={Delbru, Renaud and Campinas, Stephane and Tummarello, Giovanni},
	journal={J. Web Sem},
	volume={10},
	pages={33--58},
	year={2012},
	publisher={Elsevier}
}
@article{elias1974efficient,
	title={Efficient storage and retrieval by content and address of static files},
	author={Elias, Peter},
	journal={Journal of the ACM (JACM)},
	volume={21},
	number={2},
	pages={246--260},
	year={1974},
	publisher={ACM}
}